<?xml version="1.0" encoding="UTF-8"?><collection xmlns="http://www.loc.gov/MARC21/slim"><record><leader>00395nam--2200157-i-4500</leader><controlfield tag="001">000032925</controlfield><controlfield tag="002">20161230</controlfield><controlfield tag="005">20170305183138</controlfield><controlfield tag="008">060222s1000------------r-----000-0-eng-d</controlfield><datafield ind1=" " ind2=" " tag="080"><subfield code="a">517.5</subfield></datafield><datafield ind1="1" ind2="0" tag="100"><subfield code="a">Marinescu, Gheorghe</subfield></datafield><datafield ind1="1" ind2=" " tag="245"><subfield code="a">Tratat de analiza functionala</subfield></datafield><datafield ind1=" " ind2=" " tag="260"><subfield code="a">Bucuresti</subfield><subfield code="b">Ed. Academiei R.S.R</subfield><subfield code="c">1972</subfield></datafield><datafield ind1=" " ind2=" " tag="300"><subfield code="a">367 p</subfield></datafield><datafield ind1=" " ind2=" " tag="852"><subfield code="a">37312</subfield><subfield code="c">517.5</subfield></datafield><datafield ind1=" " ind2=" " tag="CAT"><subfield code="a">SYS</subfield><subfield code="c">20170305</subfield><subfield code="h">183138</subfield></datafield></record></collection>